@misc{fire_website,
   title = {Fire Information for Resource Management System},
   howpublished = {\url{https://firms.modaps.eosdis.nasa.gov/}}
}
@misc{map_website,
   howpublished = {\url{https://en-au.topographic-map.com/maps/o2/Victoria/}}
}
@misc{climate_website,
	title = {The Bureau of Meteorology of Australian Government},
   howpublished = {\url{http://www.bom.gov.au/}}
}



c_height

https://en.wikipedia.org/wiki/Hypsometric_tints

@ARTICLE{c_trans,  
author={H. T. {Friis}}, 
journal={Proceedings of the IRE},   
title={A Note on a Simple Transmission Formula},   
year={1946},  volume={34},  number={5},  pages={254-256},  
doi={10.1109/JRPROC.1946.234568}}


@Article{c_building,
	author = {G. Baker and A. Webb and P. Whiting},
	title = {Regulatory Controls for Buildings in Wildfire-Prone Areas of Australia},
	journal = {Fire Technology},
	year = {2020},
	issue = {prepublish},
	ISBN = {1572-8099},
	ISSN = {1572-8099},
	databaseprovider = {CNKI},
}

@Article{4_best,
	author = {Zheng Linyu},
	title = {Selection of "Four Best" Conditions for Aviation Forest Guard},
	journal = {Forest fire prevention},
	year = {1985},
	authoraddress = {Northeast Aviation Forestry Bureau},
	issue = {02},
	pages = {27-30},
}

@inproceedings{c_BP,
  title={A data mining approach to predict forest fires using meteorological data},
  author={P. Cortez and A. J. Morais},
  year={2007}
}

